975 1396
399 56 510 74 -54-

80 107 160 124 veteribus
177 108 230 129 postis
241 107 320 124 scaenicis
340 106 414 123 omuibus
431 112 504 123 versuum
523 107 562 124 locis
580 107 654 124 adhiberi
669 108 741 129 potuisse
752 107 834 128 dicebaut,

80 135 161 151 sententia
178 134 207 151 illa
225 134 295 151 refutata
312 134 439 151 demonstratum
457 139 493 151 esse
510 134 580 151 arbitror
594 134 632 151 illas
644 139 691 151 voces
703 134 737 151 sive
749 134 834 151 archaicas

80 162 114 178 sive
126 167 157 178 non
169 161 254 178 archaioas
265 166 283 178 re
295 166 334 177 vera
345 161 427 182 pertinere
438 161 459 178 ud
468 161 505 177 illas
514 166 586 178 versuum
595 161 642 178 sedes
650 161 699 182 solas,
711 166 750 183 quas
759 162 834 179 tractavi.

137 193 190 215 Atque
208 198 250 209 nunc
267 192 331 214 quidem
349 198 385 209 cum
403 192 432 209 has
450 197 497 209 voces
511 193 595 210 archaicas
607 195 636 209 aut
647 198 688 209 nove
700 193 778 210 formatas
790 192 834 215 apud

82 222 145 237 veteres
157 222 214 241 poetas
226 220 308 236 scaenicos
320 219 353 236 illis
365 224 438 236 versuum
447 219 487 236 locis
495 220 534 236 solis
543 220 611 237 inveniri
620 222 687 241 constet,
699 221 762 241 tempus
771 219 835 236 videtur

83 252 118 264 esse
130 252 213 267 quaerere,
225 252 253 263 cur
265 246 330 263 tandem
343 248 405 263 veteres
417 249 475 268 poetae
486 247 557 264 scaenici
570 246 594 263 bis
607 247 672 264 vecibus
683 252 715 264 nen
726 248 750 264 nsi
762 247 794 264 sint
802 247 834 263 nisi

80 274 114 290 illis
131 273 171 291 locis
189 273 232 291 solis.
255 273 282 290 Ad
294 273 311 290 id
323 273 421 295 respondere
432 275 500 290 conatus
512 276 537 291 est
549 273 641 291 Jacobsohn
653 274 664 290 1.
677 279 691 291 e.
704 279 740 296 pag.
753 273 791 295 8s9;
806 273 835 290 sed

81 301 161 318 erravisse
173 301 212 317 mihi
224 300 294 322 videtur,
306 300 348 322 quod
362 300 472 317 tautummodo
484 300 505 317 de
516 301 612 318 archaismis
620 301 736 323 disputandum
746 306 782 318 esse
790 300 835 317 arbi-

81 330 133 345 tratus
151 333 182 345 nnn
200 328 278 348 cogitavit
295 327 315 344 ds
327 328 387 344 ceteris
399 328 459 344 formis.
482 328 535 348 Atque
547 328 562 344 in
575 328 606 345 hac
618 333 635 345 re
647 328 686 345 mihi
698 328 773 345 videntur
785 327 835 344 multo

82 354 157 375 digniora
174 360 216 376 quae
229 354 315 371 laudentur
326 360 346 371 ea
358 359 399 375 quae
411 354 463 371 Brock
475 355 486 371 l.
499 360 513 372 c.
525 360 563 377 pag,
575 355 641 372 94-97
653 355 735 377 exposuit.
758 355 835 372 Attamen

81 387 102 398 ue
118 387 154 399 eum
171 381 235 403 quidem
248 386 303 398 veram
315 381 441 403 explicationem
453 381 519 399 dedisse
530 381 632 399 crediderim.
645 381 698 401 Quare
710 381 784 403 equidem
797 381 836 403 quid

81 409 156 429 sentiam,
168 408 198 425 hoo
209 409 245 425 loco
256 409 313 430 paucis
325 408 430 430 complectar,
442 414 538 430 quemquam
552 408 630 430 pleraque
638 409 670 425 iam
679 409 694 425 iu
703 408 835 425 adnotationibus

82 435 122 452 dixi.
145 435 167 452 Et
184 436 253 457 primum
270 435 335 457 quidem
352 435 395 457 quod
413 435 452 452 illae
470 441 518 453 voces
530 435 578 452 nullis
590 435 628 452 aliis
640 436 670 453 uisi
682 435 791 456 singularibus
803 435 836 452 illis

82 467 155 479 versuum
167 462 208 479 locis
219 463 326 483 inveniuntur,
338 463 364 479 vel
376 462 414 479 inde
426 465 496 484 apparet
507 468 535 480 eas
547 465 618 479 veterum
631 464 715 484 poetarum
726 462 836 479 scaenicorum

81 490 181 511 temporibus
199 494 230 506 nou
248 490 298 506 fuisse
309 490 380 506 omnium
392 490 409 506 in
420 495 450 506 usu
462 491 511 510 atquo
523 494 551 506 ees
563 491 607 506 reete
618 489 699 511 appellari
711 491 740 506 sut
751 489 836 506 arohnioas

82 519 110 533 aut
122 521 163 533 nove
174 516 257 533 formatas.
277 516 350 537 Accedit,
362 517 405 538 quod
417 516 461 539 apud
473 518 536 533 veteres
549 518 606 538 poetas
618 516 701 533 scaenicos
713 516 751 533 aliis
762 521 836 533 versuum

82 543 123 560 locis
131 544 212 564 quibusvis
219 546 283 561 exstare
289 543 358 560 vidimus
365 548 393 560 eas
399 543 464 564 formes,
471 542 599 565 quibusRomani
606 543 623 560 in
629 543 768 564 sermonevnlgari
772 542 836 565 proillis

82 570 163 587 inusitatis
181 571 204 587 uti
217 573 316 588 consuerant.
344 570 400 592 Itaque
417 571 471 592 potius
488 570 518 587 hoc
536 570 583 587 modo
601 570 665 587 videtur
676 570 784 591 quaerendum
795 574 835 590 esse,

83 602 110 614 cur
124 600 182 619 poetae
194 598 264 615 scaenici
277 598 309 615 illis
321 603 394 614 versuum
406 597 446 614 locis
458 597 497 614 solis
509 602 541 614 nou
553 597 577 614 usi
589 598 622 614 sint
629 597 684 614 formis
692 597 760 618 usitatis¹
771 597 795 613 usi
804 597 836 614 sint

84 625 171 642 inusitatis,
195 624 236 641 Num
251 625 319 642 Romani
336 624 369 641 illis
387 624 486 646 temporibus
504 624 573 641 studiosi
591 627 638 641 eunt
655 624 711 641 talium
729 624 763 641 sive
780 628 834 640 vocum

83 651 195 668 archaicarum
201 652 236 668 sive
242 652 353 668 formationum
361 654 426 673 praeter
432 651 469 668 illas
475 651 506 666 τοῦ
511 650 576 671 γελοίου
582 650 627 667 ἕνεκα
633 653 721 673 temptatas
728 649 836 667 uoviciarum?

83 679 105 695 At
117 678 156 695 licet
168 679 192 695 ita
203 678 256 700 fuerit,
268 678 285 695 id
297 678 340 700 quod
352 679 368 695 in
381 681 444 695 veteres
456 681 513 700 poetas
524 679 607 695 scaenicos
619 678 678 695 eadere
686 683 733 699 nege,
744 679 798 695 tamen
806 682 836 694 non

84 705 158 726 intellegi
172 706 229 727 possit,
241 711 269 722 cur
281 708 340 728 poetae
351 705 382 723 soli
394 705 422 726 >bis
434 706 490 722 formis
502 706 525 723 usi
538 708 592 723 essent
603 708 651 727 atque
662 711 694 722 nou
705 706 729 722 usi
741 707 796 722 essent
806 704 837 721 nisi

84 733 117 750 illis
135 738 209 749 versuum
226 733 266 750 locis
283 733 326 750 snlis.
350 732 383 750 Sed
395 738 415 750 ne
427 732 467 749 illud
479 732 543 754 quidem
556 732 675 750 concedendum
688 737 745 749 censeo
757 732 838 749 Romanos

84 759 114 776 illa
132 762 186 777 aetate
198 760 258 777 talibus
270 760 325 776 formis
337 760 419 777 inusitatis
431 760 497 777 favisse.
521 759 581 779 Quodsi
594 762 652 781 poetae
663 759 734 776 scaenici
746 759 771 775 his
783 758 839 775 formis

85 791 114 803 sua
126 788 184 808 sponte
195 791 227 803 non
239 787 263 803 usi
275 792 311 804 esse
323 786 391 808 putandi
402 789 444 807 sunt,
456 787 528 807 sequitur
540 788 557 803 ut
568 787 616 803 inviti
628 787 652 803 usi
664 787 697 803 sint
709 788 757 807 atque
766 785 807 802 adso
815 785 839 803 uti

86 814 138 830 eoacti
152 814 188 830 siut„
211 814 234 831 Et
248 819 280 835 qua
292 814 325 830 alia
336 814 434 830 necessitate
446 815 505 835 poetae
516 814 552 834 cogi
564 815 655 835 potnerunty
667 816 684 830 ut
695 813 733 830 illas
744 817 792 830 voces
804 813 840 829 inu-

86 841 144 857 sitatas
150 840 246 858 adhiberent
254 845 314 862 easque
322 841 371 857 certis
378 845 450 857 versuum
459 840 499 858 locis
504 840 549 861 solis,
555 841 586 857 nisi
592 841 688 858 necessitate
695 839 772 857 metrica?
783 840 840 861 ltaque

86 872 127 888 quae
133 867 173 884 baec
180 868 226 885 metri
233 868 320 885 nenessitas
326 868 374 885 fuerit
380 868 466 889 quaeritur.
476 868 544 885 Videtur
550 870 604 885 autem
611 867 719 885 existimanda
725 872 760 884 esse
766 872 792 888 en,
798 872 839 888 quae

85 895 155 911 omnium
168 894 231 911 illorum
244 895 315 912 locorum
327 895 416 912 communis
428 895 480 912 fuerit.
504 895 557 916 Atque
570 895 609 916 quid
621 895 651 912 hoc
663 894 707 911 uliud
719 895 769 911 fuisse
786 896 840 916 potest

86 922 117 938 nisi
129 921 152 943 id,
164 924 182 938 ut
193 922 267 939 omuibus
279 922 312 938 illis
324 922 364 939 locis
376 925 393 939 et
404 922 457 939 medio
469 922 485 938 in
497 927 544 939 versu
555 924 572 939 et
583 922 600 938 in
612 927 686 939 versuum
698 921 756 938 finibus
766 920 839 938 iambicis

85 953 125 970 opus
146 950 189 966 esset
206 949 260 969 verbo,
279 949 321 970 quod
334 949 350 965 in
363 949 433 965 iambum
445 951 474 966 aut
485 949 594 971 pyrrhichium
610 949 667 966 exiret*
691 948 737 968 Quod
748 949 762 965 si
774 953 840 965 necesse

86 978 126 995 erat,
139 975 189 992 verba
201 976 262 993 usitata
273 976 317 993 velut
322 976 401 997 populus,
413 976 475 996 deztra,
487 976 562 997 sinistra,
572 980 636 997 ynarus
644 978 675 993 etc.
683 981 714 993 non
723 974 840 992 conveniebant

86 1003 103 1019 in
115 1002 152 1020 illas
164 1008 237 1020 versuum
249 1003 301 1020 sedes.
324 1003 341 1020 Si
353 1008 391 1020 vero
403 1005 461 1025 poetae
473 1003 514 1020 talin
525 1003 576 1020 verbs
587 1005 638 1020 mstrn
650 1008 682 1020 non
690 1005 730 1025 apta
738 1003 800 1020 evitare
808 1007 840 1019 non

87 1031 167 1051 poterant,
184 1030 195 1046 i.
213 1035 226 1047 e.
244 1030 258 1046 si
276 1030 292 1046 in
310 1035 384 1047 sermone
401 1031 461 1047 usitato
477 1030 559 1047 habebant
571 1035 628 1052 parum
640 1030 691 1047 multa
702 1030 757 1051 verba,
769 1034 811 1050 quae
823 1029 840 1045 in

87 1056 157 1073 iambum
175 1059 203 1073 aut
220 1056 329 1078 pyrrhichium
348 1057 415 1077 exirent,
433 1057 471 1078 qnid
489 1057 534 1073 aliud
548 1057 572 1074 eis
590 1057 682 1074 faciendum
694 1060 730 1074 eret
742 1057 773 1073 nisi
785 1058 803 1073 ut
813 1058 841 1073 nut

87 1083 147 1100 formas
165 1083 231 1100 idoneas
249 1089 269 1100 ex
287 1089 361 1101 sermone
375 1084 441 1105 antiquo
453 1086 545 1105 repeterent
556 1086 590 1105 aut,
601 1084 628 1100 ubi
640 1089 661 1101 ne
672 1083 690 1100 id
701 1084 765 1105 quidem
778 1083 842 1104 liceret,

87 1110 191 1127 formationes
202 1115 252 1128 novas
263 1112 343 1132 temptare
355 1110 443 1132 auderent?

143 1141 187 1158 Haec
199 1142 214 1158 si
225 1142 318 1164 probabilia
329 1144 372 1163 sunt,
384 1142 482 1164 explicatum
495 1147 531 1159 esse
543 1142 606 1159 videtur
618 1147 648 1159 non
660 1142 713 1164 modo,
725 1142 784 1164 quade
792 1147 842 1159 causa

88 1170 150 1186 veteres
161 1171 220 1190 poetae
231 1169 302 1186 scaenici
313 1169 347 1186 illis
358 1169 425 1186 vocibus
436 1171 485 1190 atque
497 1169 552 1186 formis
564 1169 652 1190 inusitatis,
663 1169 698 1186 sive
710 1169 796 1186 archaicse
807 1170 842 1186 sive

87 1201 129 1213 nove
145 1196 224 1213 formatae
236 1196 346 1218 appellandae
358 1198 401 1218 sunt,
415 1196 479 1213 omuino
491 1196 515 1213 uti
527 1197 562 1213 nusi
574 1197 612 1217 siut,
625 1196 653 1213 sed
665 1197 721 1217 otiam,
734 1201 762 1214 uir
773 1197 798 1214 eis
809 1201 841 1213 non

87 1223 111 1239 usi
118 1223 152 1240 sint
159 1223 190 1239 nisi
198 1223 215 1240 iu
223 1223 257 1240 illis
265 1228 339 1240 versuum
347 1223 412 1241 sedibus
420 1223 497 1244 legitimis
505 1228 545 1244 quas
554 1223 588 1240 dixi
596 1224 640 1240 solis.
654 1223 707 1245 Atque
715 1223 840 1246 explicationem

87 1254 140 1266 meam
152 1255 184 1266 non
196 1250 289 1272 discrepare
300 1250 345 1267 vides
357 1256 393 1267 cuin
402 1255 427 1271 ea,
435 1255 484 1272 quam
496 1250 517 1267 de
528 1250 607 1267 similibus
619 1251 636 1267 in
647 1250 729 1272 dactylica
737 1251 782 1272 poesi
790 1250 842 1267 latin·

88 1276 141 1293 verbis
159 1276 205 1293 dedit
221 1277 302 1297 fusiusque
319 1278 397 1294 tractavit
411 1277 461 1294 Ernst
476 1277 552 1294 Bednara
566 1277 582 1294 in
597 1278 662 1298 egregia
679 1277 710 1294 illa
726 1277 841 1299 disputatione,

88 1308 136 1323 quam
153 1303 236 1325 inscripsit
247 1303 284 1325 „De
301 1309 374 1321 sermone
389 1304 505 1326 dactylicornrn
517 1304 610 1321 Latinorum
623 1304 724 1325 quaestiones
736 1304 804 1325 (Arobiv
817 1304 841 1320 ῆι·
